@phdthesis{ruiz2014estudio,
  title={Estudio y Caracterizaci{\'o}n de Marcas de Videojuegos mediante An{\'a}lisis de la Produccion de Patentes y el Desarrollo T{\'e}cnico de Software para Plataformas de Videojuegos},
  author={Garc{\'\i}a Ruiz, Ricardo},
  year={2014},
  school={Universitat Internacional de Catalunya}
}
@book{munzert2014automated,
  title={Automated data collection with R: A practical guide to web scraping and text mining},
  author={Munzert, Simon and Rubba, Christian and Mei{\ss}ner, Peter and Nyhuis, Dominic},
  year={2014},
  publisher={John Wiley \& Sons}
}